<?xml version="1.0" encoding="UTF-8"?><record xmlns="http://www.loc.gov/MARC21/slim" xmlns:cinclude="http://apache.org/cocoon/include/1.0" xmlns:zs="http://www.loc.gov/zing/srw/">
  <leader>00435nz  a2200121n  4500</leader>
  <controlfield tag="001">n  98019341 </controlfield>
  <controlfield tag="003">DLC</controlfield>
  <controlfield tag="005">19980302093053.4</controlfield>
  <controlfield tag="008">980302n| acannaab|          |n aaa |||  </controlfield>
  <datafield tag="010" ind1=" " ind2=" ">
    <subfield code="a">n  98019341 </subfield>
  </datafield>
  <datafield tag="040" ind1=" " ind2=" ">
    <subfield code="a">DLC</subfield>
    <subfield code="c">DLC</subfield>
  </datafield>
  <datafield tag="100" ind1="1" ind2="0">
    <subfield code="a">Wadsworth, Walter J.</subfield>
  </datafield>
  <datafield tag="670" ind1=" " ind2=" ">
    <subfield code="a">The Agile manager's guide to goal-setting and achievement, v1997:</subfield>
    <subfield code="b">t.p. (Walter J. Wadsworth) p. 4 of cover (has led 2 companies, written articles on business; res., New England)</subfield>
  </datafield>
</record>